@article{shi2019ftir,
  title={FTIR study on early-age hydration of carbon nanotubes-modified cement-based materials},
  author={Shi, Tao and Gao, Yuan and Corr, David J and Shah, Surendra P},
  journal={Advances in Cement Research},
  volume={31},
  number={8},
  pages={353--361},
  year={2019},
  publisher={Thomas Telford Ltd}
}

@article{FTIR_setup,
author = {Lee, Sang Hun and Park, Seung-min and Lee, Luke},
year = {2013},
month = {12},
pages = {191-220},
title = {Optical Methods in Studies of Olfactory System},
isbn = {978-94-017-8612-6},
journal = {Bioelectronic Nose: Integration of Biotechnology and Nanotechnology},
doi = {10.1007/978-94-017-8613-3_11}
}

@article{XRD1,
author = {Khanam, Sadia and Zakaria, A.K.M. and Ahsan, Mian and Datta, T. and Aktar, Mst and Liba, Samia and Hossain, Shahzad and Das, Ananda and Kamal, I. and Yunus, S. and Saha, D. and Eriksson, S-G},
year = {2015},
month = {01},
pages = {332-342},
title = {Study of the Crystallographic and Magnetic Structure in the Nickel Substituted Cobalt Ferrites by Neutron Diffraction},
volume = {06},
journal = {Materials Sciences and Applications},
doi = {10.4236/msa.2015.64038}
}

@Article{cryst,
AUTHOR = {Gao, Si and Yoshimura, Takuma and Mao, Wenqi and Bai, Yu and Gong, Wu and Park, Myeong-heom and Shibata, Akinobu and Adachi, Hiroki and Sato, Masugu and Tsuji, Nobuhiro},
TITLE = {Tensile Deformation of Ultrafine-Grained Fe-Mn-Al-Ni-C Alloy Studied by In Situ Synchrotron Radiation X-ray Diffraction},
JOURNAL = {Crystals},
VOLUME = {10},
YEAR = {2020},
NUMBER = {12},
ARTICLE-NUMBER = {1115},
URL = {https://www.mdpi.com/2073-4352/10/12/1115},
ISSN = {2073-4352},
ABSTRACT = {},
DOI = {10.3390/cryst10121115}
}

@incollection{XRD_Ref2,
title = {Chapter 3 - Methods for Assessing Surface Cleanliness},
editor = {Rajiv Kohli and K.L. Mittal},
booktitle = {Developments in Surface Contamination and Cleaning, Volume 12},
publisher = {Elsevier},
pages = {23-105},
year = {2019},
isbn = {978-0-12-816081-7},
doi = {https://doi.org/10.1016/B978-0-12-816081-7.00003-6},
url = {https://www.sciencedirect.com/science/article/pii/B9780128160817000036},
keywords = {In-line monitoring, cleanliness measurement methods, direct and indirect methods, surface and bulk analytical techniques},
abstract = {}
}

@online{Peak_Finding,
author = {Scott A Speakman},
title = {Introduction to X-Ray Powder Diffraction Data Analysis},
url = {http://prism.mit.edu/xray/introduction%20to%20xrpd%20data%20analysis.pdf},
note = {Accessed: 2020-10-26}
}

 @misc{dutrow_2020, title={X-ray Powder Diffraction (XRD)}, url={https://serc.carleton.edu/research_education/geochemsheets/techniques/XRD.html}, journal={Geochemical Instrumentation and Analysis}, publisher={Integrating Research and Education}, author={Dutrow, Barbara  L}, year={2020}, month={Feb}} 

% for intro to FTIR
@misc{FTIR_intro, url={https://www.chem.uci.edu/~dmitryf/manuals/Fundamentals/FTIR20principles.pdf}, publisher={Thermo Nicolet Corporation}, year={2001},
  title = {Introduction to Fourier Transform Infrared Spectroscopy}, 
  author={}
}

 @misc{FTIR_intro2, url={https://rtilab.com/techniques/ftir-analysis/}, title={FTIR Analysis} publisher={RTI Laboratories}, year={2016}, month={Feb}, author={} }


 @misc{spectroscopy_ex, title={Organic Nitrogen Compounds, Part I}, url={https://www.spectroscopyonline.com/view/organic-nitrogen-compounds-part-i-introduction}, year = {2019}, month={Jan}, author = {Smith, Brian}, journal={Spectroscopy Online} }

@article{baseline_removal,
  author = {Chad A. Lieber and Anita Mahadevan-Jansen},
  title ={Automated Method for Subtraction of Fluorescence from Biological Raman Spectra},
  journal = {Applied Spectroscopy},
  volume = {57},
  number = {11},
  pages = {1363-1367},
  year = {2003},
  doi = {10.1366/000370203322554518},
}

  @misc{cowger_gray_hapich_rochman_lynch_primpke_munno_frond_herodotou_2020, url={https://wincowger.shinyapps.io/OpenSpecy/}, journal={Open Specy}, author={Cowger, W. and Gray, A. and Hapich, H. and Rochman, C. and Lynch, J. and Primpke, S. and Munno, K. and Frond, H.  De and Herodotou, O.}, year=2020} 